@article{PhysRevLett.111.160406,
  title = {Precision-Guaranteed Quantum Tomography},
  author = {Sugiyama, Takanori and Turner, Peter S. and Murao, Mio},
  journal = {Phys. Rev. Lett.},
  volume = {111},
  issue = {16},
  pages = {160406},
  numpages = {5},
  year = {2013},
  month = {Oct},
  publisher = {American Physical Society},
  doi = {10.1103/PhysRevLett.111.160406},
  url = {https://link.aps.org/doi/10.1103/PhysRevLett.111.160406}
}
